@misc{statista2021,
    author = "{Statista, Inc.}",
    publisher = "Statista, Inc.",
    title = "Volume of data/information created, captured, copied, and consumed worldwide from 2010 to 2025",
    month = "October",
    year = "2021",
    url = "https://www.statista.com/statistics/871513/worldwide-data-created/",
}


@book{ware2019information,
  title={Information visualization: perception for design},
  author={Ware, Colin},
  year={2019},
  publisher={Morgan Kaufmann}
}

@article{Heer_Bostock_Ogievetsky_2010,
author={Heer, Jeffrey and Bostock, Michael and Ogievetsky, Vadim},
title={A tour through the visualization zoo},
journal={Communications of the ACM},
volume={53},
number={6},
year={2010},
month={Jun},
pages={59–67},
DOI={10.1145/1743546.1743567}
}


@misc{wang2016bigdata,
    author = "{Tricia Wang}",
    publisher = "Medium",
    title = "Why Big Data Needs Thick Data",
    month = "January",
    year = "2016",
    url = "https://medium.com/ethnography-matters/why-big-data-needs-thick-data-b4b3e75e3d7",
}

@Book{xie2015,
  title = {Dynamic Documents with {R} and knitr},
  author = {Yihui Xie},
  publisher = {Chapman and Hall/CRC},
  address = {Boca Raton, Florida},
  year = {2015},
  edition = {2nd},
  note = {ISBN 978-1498716963},
  url = {http://yihui.org/knitr/},
}

@book{wilson1999consilience,
  title={Consilience: The unity of knowledge},
  author={Wilson, Edward O.},
  volume={31},
  year={1999},
  publisher={Vintage}
}

@book{kirk2019data,
  title={Data visualisation: A handbook for data driven design},
  author={Kirk, Andy},
  year={2016},
  publisher={Sage}
}

@book{tufte1997visualexplanation,
  title={Visual explanations - images and quantities, evidence and narrative},
  author={Edward R. Tufte},
  year={1997},
  publisher={Graphics Press}
}

@article{KlingStar1998_HCD,
author={Kling, Rob and Star, Susan Leigh},
title={Human centered systems in the perspective of organizational and social informatics},
journal={ACM SIGCAS Computers and Society},
volume={28},
number={1},
year={1998},
month={Mar},
pages={22–29},
DOI={10.1145/277351.277356}
}

@book{international2010ergonomics,
  title={Ergonomics of Human-system Interaction: Part 210: Human-centred Design for Interactive Systems},
  author={International Organization for Standardization},
  year={2010},
  publisher={ISO}
}

@inproceedings{kandel2011wrangler,
  title={Wrangler: Interactive visual specification of data transformation scripts},
  author={Kandel, Sean and Paepcke, Andreas and Hellerstein, Joseph and Heer, Jeffrey},
  booktitle={Proceedings of the SIGCHI Conference on Human Factors in Computing Systems},
  pages={3363--3372},
  year={2011}
}


@article{Mackinlay1986automatingdesign,
author={Mackinlay, Jock},
title={Automating the design of graphical presentations of relational information},
journal={ACM Transactions on Graphics},
volume={5},
number={2},
year={1986},
month={Apr},
pages={110–141},
url={https://doi.org/10.1145/22949.22950},
DOI={10.1145/22949.22950},
ISSN={0730-0301}
}


@article{wongsuphasawat2015voyager,
  title={Voyager: Exploratory analysis via faceted browsing of visualization recommendations},
  author={Wongsuphasawat, Kanit and Moritz, Dominik and Anand, Anushka and Mackinlay, Jock and Howe, Bill and Heer, Jeffrey},
  journal={IEEE transactions on visualization and computer graphics},
  volume={22},
  number={1},
  pages={649--658},
  year={2015},
  publisher={IEEE}
}

@inproceedings{HeerBostock2010crowdsourcing,
author={Heer, Jeffrey and Bostock, Michael},
title={Crowdsourcing graphical perception: using mechanical turk to assess visualization design},
booktitle={Proceedings of the SIGCHI Conference on Human Factors in Computing Systems},
collection={CHI ’10},
series={CHI ’10},
year={2010},
month={Apr},
publisher={Association for Computing Machinery},
place={New York, NY, USA},
pages={203–212},
url={https://doi.org/10.1145/1753326.1753357},
DOI={10.1145/1753326.1753357},
ISBN={978-1-60558-929-9}
}


@book{Few2004showmenumbers,
author={Few, Stephen},
title={Show me the numbers: designing tables and graphs to enlighten},
year={2004},
publisher={Analytics Press},
place={Oakland, Calif},
ISBN={978-0-9706019-9-5}
}

@article{Zeileisetal2019colorspace,
author={Zeileis, Achim and Fisher, Jason C. and Hornik, Kurt and Ihaka, Ross and McWhite, Claire D. and Murrell, Paul and Stauffer, Reto and Wilke, Claus O.},
title={colorspace: A Toolbox for Manipulating and Assessing Colors and Palettes},
journal={arXiv:1903.06490 [cs, stat]},
year={2019},
month={Mar},
url={http://arxiv.org/abs/1903.06490}
}


@Book{Wickham2016ggplot2,
    author = {Hadley Wickham},
    title = {ggplot2: Elegant Graphics for Data Analysis},
    publisher = {Springer-Verlag New York},
    year = {2016},
    isbn = {978-3-319-24277-4},
    url = {https://ggplot2.tidyverse.org},
  }


@book{Johnson2014designingwiththemind,
author={Johnson, Jeff},
title={Designing with the mind in mind: simple guide to understanding user interface design guidelines}, edition={Second edition},
year={2014},
publisher={Elsevier, Morgan Kaufmann is an imprint of Elsevier},
place={Amsterdam; Boston},
ISBN={978-0-12-407914-4}
}


@book{Few2009nowtoseeit,
author={Few, Stephen},
title={Now You See It: An Introduction to Visual Data Sensemaking},
edition={First edition},
year={2009},
publisher={Analytics Press},
place={S.l.},
ISBN={978-1-938377-12-9}
}

@article{green1998toward,
  title={Toward a perceptual science of multidimensional data visualization: Bertin and beyond},
  author={Green, Marc},
  journal={ERGO/GERO Human Factors Science},
  volume={8},
  pages={1--30},
  year={1998},
  publisher={Citeseer}
}

@article{MacDonald1999usingcolor,
author={MacDonald, L.W.},
title={Using color effectively in computer graphics},
journal={IEEE Computer Graphics and Applications},
volume={19},
number={4},
year={1999},
month={Aug},
pages={20–35},
url={http://ieeexplore.ieee.org/document/773961/},
DOI={10.1109/38.773961},
ISSN={02721716}
}

@book{munzner2014visualization,
  title={Visualization analysis and design},
  author={Munzner, Tamara},
  year={2014},
  publisher={CRC press}
}

@book{fry2008visualizing,
  title={Visualizing data: Exploring and explaining data with the processing environment},
  author={Fry, Ben},
  year={2008},
  publisher={O'Reilly Media, Inc.}
}

@book{dignazio2020datafeminism,
  title={Data feminism},
  author={D'ignazio, Catherine and Klein, Lauren F},
  year={2020},
  publisher={MIT press}
}

@article{aamodt1995datainformationknowledge,
  title={Different roles and mutual dependencies of data, information, and knowledge—An AI perspective on their integration},
  author={Aamodt, Agnar and Nyg{\aa}rd, Mads},
  journal={Data \& Knowledge Engineering},
  volume={16},
  number={3},
  pages={191--222},
  year={1995},
  publisher={Elsevier}
}

@article{haraway1988situated,
  title={Situated knowledges: The science question in feminism and the privilege of partial perspective},
  author={Haraway, Donna},
  journal={Feminist studies},
  volume={14},
  number={3},
  pages={575--599},
  year={1988},
  publisher={JSTOR}
}


@inproceedings{padilla2018case,
  title={A case for cognitive models in visualization research: Position paper},
  author={Padilla, Lace M},
  booktitle={2018 IEEE Evaluation and Beyond-Methodological Approaches for Visualization (BELIV)},
  pages={69--77},
  year={2018},
  organization={IEEE}
}

@article{Hollandetal2018DatasetNutritionLabel,
 author={Holland, Sarah and Hosny, Ahmed and Newman, Sarah and Joseph, Joshua and Chmielinski, Kasia},
 title={The Dataset Nutrition Label - A Framework To Drive Higher Data Quality Standards.},
 journal={CoRR},
 volume={cs.DB},
 year={2018},
 month={Jan},
 publisher={Cornell University Library},
 url={http://arxiv.org/abs/1805.03677v1}
 }

@article{Gebruetal2018datasheets,
author={Gebru, Timnit and Morgenstern, Jamie and Vecchione, Briana and Vaughan, Jennifer Wortman and Wallach, Hanna and Daumé III, Hal and Crawford, Kate},
title={Datasheets for Datasets},
journal={arXiv.org},
volume={cs.DB},
year={2018},
month={Mar},
publisher={Cornell University Library},
url={http://arxiv.org/abs/1803.09010v7} }

@book{Tukey1977eda,
author={Tukey, John Wilder},
title={Exploratory data analysis},
collection={Addison-Wesley series in behavioral science},
series={Addison-Wesley series in behavioral science},
year={1977}, publisher={Addison-Wesley Pub. Co},
place={Reading, Mass},
ISBN={978-0-201-07616-5}
}

@book{Christopher2017Statistics,
author={Christopher, Andrew N.},
title={Interpreting and Using Statistics in Psychological Research},
year={2017},
publisher={SAGE Publications, Inc},
place={Thousand Oaks California},
url={https://methods.sagepub.com/book/interpreting-and-using-statistics-in-psychological-research},
DOI={10.4135/9781506304144},
ISBN={978-1-5063-0416-8}
}

 @book{Matloff2011ArtofRProgramming,
 author={Matloff, Norman S.},
 title={The art of R programming: tour of statistical software design},
 year={2011},
 publisher={No Starch Press},
 place={San Francisco},
 ISBN={978-1-59327-384-2}
 }


@book{WickhamGrolemund2017Rfordatascience,
author={Wickham, Hadley and Grolemund, Garrett},
title={R for Data Science: Import, Tidy, Transform, Visualize, and Model Data},
edition={1st edition},
year={2017},
month={Jan},
publisher={O’Reilly Media},
place={Sebastopol, CA},
url={https://r4ds.had.co.nz},
ISBN={978-1-4919-1039-9} }


@book{StevensMarks2017Psychophysics,
author={Stevens, Stanley Smith and Marks, Lawrence E.},
title={Psychophysics: Introduction to its perceptual, neural, and social prospects},
year={2017},
publisher={Routledge}
}

@article{ClevelandMcGill1984graphicalperception,
author={Cleveland, William S. and McGill, Robert},
title={Graphical perception: Theory, experimentation, and application to the development of graphical methods},
journal={Journal of the American statistical association},
volume={79},
number={387},
year={1984},
publisher={Taylor & Francis},
pages={531–554}
}


@article{KoestenSimperl2021_dataUX,
author={Koesten, Laura and Simperl, Elena},
title={UX of data: making data available doesn’t make it usable},
journal={Interactions},
volume={28},
number={2},
year={2021},
month={Mar},
pages={97–99}
}
